@inbook{Fuchs,
   title={Lectures on conformal field theory and kac-moody algebras},
   ISBN={9783540696131},
   url={http://dx.doi.org/10.1007/BFb0105277},
   DOI={10.1007/bfb0105277},
   booktitle={Conformal Field Theories and Integrable Models},
   publisher={Springer Berlin Heidelberg},
   author={Fuchs, Jürgen},
   pages={1–54} }

@BOOK{GTinMP,
  title     = "Applications of group theory in physics and mathematical physics",
  publisher = "American Mathematical Society",
  series    = "Lectures in Applied Mathematics",
  month     =  dec,
  year      =  1985,
  address   = "Providence, RI"
}


@MISC{KMPHYS,
    title = {Why Do Physicists Need Unitary Representation of Kac-Moody Algebra?},
    author = {José Figueroa-O'Farrill},
    howpublished = {MathOverflow},
    note = {Version: 2010-07-04. URL: \url{https://mathoverflow.net/q/30515}},
    url = {https://mathoverflow.net/q/30515}
}
